<?xml version='1.0' encoding='UTF-8'?>
<record xmlns="http://www.loc.gov/MARC21/slim">
  <leader>03204cam a2200469 a 4500</leader>
  <controlfield tag="001">739949</controlfield>
  <controlfield tag="003">NjP</controlfield>
  <controlfield tag="005">20170605130704.0</controlfield>
  <controlfield tag="007">hd bfa013baaa</controlfield>
  <controlfield tag="007">hd bfa013baba</controlfield>
  <controlfield tag="007">hd afa013baca</controlfield>
  <controlfield tag="008">920817s1861    ua      a     000 0 ara d</controlfield>
  <datafield tag="024" ind1="7" ind2=" ">
    <subfield code="a">princeton_aco001973</subfield>
    <subfield code="2">local</subfield>
  </datafield>
  <datafield ind1=" " ind2=" " tag="035">
    <subfield code="a">(OCoLC)26520097</subfield>
  </datafield>
  <datafield ind1=" " ind2=" " tag="035">
    <subfield code="a">(OCoLC)ocn176470331</subfield>
  </datafield>
  <datafield ind1=" " ind2=" " tag="035">
    <subfield code="a">(OCoLC)176470331</subfield>
  </datafield>
  <datafield ind1=" " ind2=" " tag="035">
    <subfield code="a">(CStRLIN)NJPG92-B45093</subfield>
  </datafield>
  <datafield ind1=" " ind2=" " tag="035">
    <subfield code="9">ADH6577TS</subfield>
  </datafield>
  <datafield ind1=" " ind2=" " tag="035">
    <subfield code="a">(NjP)739949</subfield>
  </datafield>
  <datafield ind1=" " ind2=" " tag="040">
    <subfield code="a">NjP</subfield>
    <subfield code="c">PUL</subfield>
    <subfield code="d">PUL</subfield>
  </datafield>
  <datafield ind1=" " ind2=" " tag="049">
    <subfield code="a">PULL</subfield>
  </datafield>
  <datafield ind1=" " ind2=" " tag="079">
    <subfield code="a">ocm26520097</subfield>
  </datafield>
  <datafield ind1="1" ind2=" " tag="100">
    <subfield code="6">880-01</subfield>
    <subfield code="a">Ibn Zunbul, Aḥmad ibn ʻAlī,</subfield>
    <subfield code="d">active 16th century.</subfield>
    <subfield code="0">http://id.loc.gov/authorities/names/nr92031317</subfield>
  </datafield>
  <datafield ind1="1" ind2="0" tag="240">
    <subfield code="6">880-02</subfield>
    <subfield code="a">Tārīkh al-Sulṭān Salīm Khān ibn al-Sulṭān Bāyazīd Khān maʻa Qānṣūh al-Ghūrī sulṭān Miṣr wa-aʻmālihā</subfield>
  </datafield>
  <datafield ind1="1" ind2="0" tag="245">
    <subfield code="6">880-03</subfield>
    <subfield code="a">Kitāb Tārīkh al-Sulṭān Salīm Khān ibn al-Sulṭān Bāyazīd Khān maʻa Qānṣūh al-Ghūrī sulṭān Miṣr wa-aʻmālihā</subfield>
    <subfield code="h">[microform] /</subfield>
    <subfield code="c">taʼlīf al-Shaykh Aḥmad ibn Zunbul al-Rammāl.</subfield>
  </datafield>
  <datafield ind1=" " ind2=" " tag="260">
    <subfield code="a">[Cairo :</subfield>
    <subfield code="b">s.n.,</subfield>
    <subfield code="c">1278 [1861]]</subfield>
  </datafield>
  <datafield ind1=" " ind2=" " tag="300">
    <subfield code="a">129 p. ;</subfield>
    <subfield code="c">23 cm.</subfield>
  </datafield>
  <datafield ind1=" " ind2=" " tag="533">
    <subfield code="a">Microfilm.</subfield>
    <subfield code="b">Bethlehem, PA :</subfield>
    <subfield code="c">Mid-Atlantic Preservation Service,</subfield>
    <subfield code="d">1992.</subfield>
    <subfield code="e">1 microfilm reel ; 35 mm.</subfield>
    <subfield code="f">(Princeton University Arabic collection ; cn. 9201477.07. Title II-C).</subfield>
    <subfield code="7">s1992    paun a</subfield>
  </datafield>
  <datafield ind1=" " ind2=" " tag="590">
    <subfield code="a">Princeton Arabic Microfilming Project.</subfield>
  </datafield>
  <datafield ind1=" " ind2=" " tag="590">
    <subfield code="a">NEC copy 1 bound with: Sulwān al-muṭāʻ fī ʻudwān al-atbāʻ / taʼlīf Muḥammad ibn Abī Muḥammad ibn Ẓafar al-Mālikī. [Cairo] : ʻAbd al-Hādī al-Abyārī wa-Aḥmad Afandī al-Azharī, 1278 [1861]. Bound together subsequent to publication.</subfield>
  </datafield>
  <datafield ind1="0" ind2=" " tag="740">
    <subfield code="6">880-05</subfield>
    <subfield code="a">Tārīkh al-Sulṭān Salīm Khān ibn al-Sulṭān Bāyazīd Khān maʻa Qānṣūh al-Ghūrī sulṭān Miṣr wa-aʻmālihā.</subfield>
  </datafield>
  <datafield ind1=" " ind2="0" tag="830">
    <subfield code="a">Princeton University Arabic collection ;</subfield>
    <subfield code="v">cn. 9201477.07.</subfield>
  </datafield>
  <datafield ind1=" " ind2="0" tag="830">
    <subfield code="a">Princeton University Arabic collection.</subfield>
    <subfield code="p">Title II-C.</subfield>
  </datafield>
  <datafield ind1="1" ind2=" " tag="880">
    <subfield code="6">100-01/r</subfield>
    <subfield code="a">ابن زنبل، احمد بن علي،</subfield>
    <subfield code="d">active 16th century.</subfield>
  </datafield>
  <datafield ind1="1" ind2="0" tag="880">
    <subfield code="6">240-02/r</subfield>
    <subfield code="a">تاريخ السلطان سليم خان بن السلطان بايزيد خان مع قانصوه الغوري سلطان مصر واعمالها</subfield>
  </datafield>
  <datafield ind1="1" ind2="0" tag="880">
    <subfield code="6">245-03/r</subfield>
    <subfield code="a">كتاب تاريخ السلطان سليم خان بن السلطان بايزيد خان مع قانصوه الغوري سلطان مصر واعمالها</subfield>
    <subfield code="h">[microform] /</subfield>
    <subfield code="c">تأليف الشيخ احمد بن زنبل الرمال.</subfield>
  </datafield>
  <datafield ind1=" " ind2=" " tag="880">
    <subfield code="6">590-04/r</subfield>
    <subfield code="a">Firestone copy 2 bound with: سلوان المطاع في عدوان الاتباع / تأليف محمد بن ابي محمد بن ظفر المالكي. [القاهرة] : عبد الهادي الابياري وحمد افندي الاچري، 1278 [1861]. Bound together subsequent to publication.</subfield>
  </datafield>
  <datafield ind1="0" ind2=" " tag="880">
    <subfield code="6">740-05/r</subfield>
    <subfield code="a">تاريخ السلطان سليم خان بن السلطان بايزيد خان مع قانصوه الغوري سلطان مصر واعمالها.</subfield>
  </datafield>
  <datafield ind1=" " ind2=" " tag="998">
    <subfield code="a">08/18/92</subfield>
    <subfield code="s">9124</subfield>
    <subfield code="n">NjP</subfield>
    <subfield code="w">NJPG92B45093</subfield>
    <subfield code="d">08/17/92</subfield>
    <subfield code="c">JAB</subfield>
    <subfield code="b">NIE</subfield>
    <subfield code="i">920818</subfield>
    <subfield code="l">NJPG</subfield>
  </datafield>
  <datafield ind1=" " ind2=" " tag="948">
    <subfield code="a">CON AACR2 bw set 07</subfield>
  </datafield>
  <datafield ind1=" " ind2=" " tag="911">
    <subfield code="a">19921028</subfield>
  </datafield>
  <datafield ind1=" " ind2=" " tag="912">
    <subfield code="a">19961008052252.0</subfield>
  </datafield>
  <datafield ind1=" " ind2=" " tag="994">
    <subfield code="a">C0</subfield>
    <subfield code="b">PUL</subfield>
  </datafield>
  <datafield ind1=" " ind2=" " tag="999">
    <subfield code="a">739949</subfield>
  </datafield>
  <datafield ind1="8" ind2="1" tag="852">
    <subfield code="0">834400</subfield>
    <subfield code="b">rcppf</subfield>
    <subfield code="t">1</subfield>
    <subfield code="h">MICROFILM 08251</subfield>
    <subfield code="x">tr fr flm</subfield>
  </datafield>
  <datafield ind1=" " ind2="0" tag="866">
    <subfield code="0">834400</subfield>
    <subfield code="z">Positive service copy.</subfield>
  </datafield>
  <datafield ind1="0" ind2="1" tag="852">
    <subfield code="0">834444</subfield>
    <subfield code="b">nec</subfield>
    <subfield code="t">2</subfield>
    <subfield code="h">BP64.E3</subfield>
    <subfield code="i">I265 1858</subfield>
  </datafield>
  <datafield ind1=" " ind2="0" tag="866">
    <subfield code="0">834444</subfield>
    <subfield code="z">Original copy.</subfield>
  </datafield>
  <datafield ind1="0" ind2="0" tag="852">
    <subfield code="0">5833785</subfield>
    <subfield code="b">nec</subfield>
    <subfield code="t">1</subfield>
    <subfield code="h">JC393</subfield>
    <subfield code="i">.I269 1861</subfield>
  </datafield>
  <datafield ind1=" " ind2=" " tag="959">
    <subfield code="a">2000-06-13 00:00:00 -0400</subfield>
  </datafield>
</record>
